<record><leader>00000cas a22000007a 4500</leader><controlfield tag="001">32834442</controlfield><controlfield tag="008">950718d1830183unyuwr ne      0    0eng d</controlfield><datafield ind1=" " ind2=" " tag="010"><subfield code="a">sn 95071209 </subfield></datafield><datafield ind1=" " ind2=" " tag="040"><subfield code="a">NYS</subfield><subfield code="b">eng</subfield><subfield code="c">NYS</subfield><subfield code="d">OCL</subfield><subfield code="d">OCLCQ</subfield><subfield code="d">OCLCF</subfield><subfield code="d">OCLCO</subfield></datafield><datafield ind1=" " ind2=" " tag="042"><subfield code="a">msc</subfield></datafield><datafield ind1=" " ind2=" " tag="043"><subfield code="a">n-us-ny</subfield></datafield><datafield ind1="0" ind2="4" tag="245"><subfield code="a">The Genesee Republican, and herald of reform.</subfield></datafield><datafield ind1="1" ind2="3" tag="246"><subfield code="a">Genesee Republican</subfield></datafield><datafield ind1=" " ind2=" " tag="260"><subfield code="a">Le Roy, N.Y. :</subfield><subfield code="b">J.E. &amp; H.S. Freeman</subfield></datafield><datafield ind1=" " ind2=" " tag="300"><subfield code="a">v.</subfield></datafield><datafield ind1=" " ind2=" " tag="310"><subfield code="a">Weekly</subfield></datafield><datafield ind1="1" ind2=" " tag="362"><subfield code="a">Began in 1830?</subfield></datafield><datafield ind1=" " ind2=" " tag="500"><subfield code="a">Editor: O.A. Brownson, &lt;1830&gt;.</subfield></datafield><datafield ind1=" " ind2=" " tag="500"><subfield code="a">Printers: Henry &amp; Freeman, &lt;1830&gt;.</subfield></datafield><datafield ind1=" " ind2=" " tag="500"><subfield code="a">"Republican."</subfield></datafield><datafield ind1=" " ind2=" " tag="515"><subfield code="a">Dec. 22, 1830 issue misdated Dec. 21, 1830.</subfield></datafield><datafield ind1=" " ind2=" " tag="588"><subfield code="a">Description based on: Vol. 1, no. 14 (Oct. 6, 1830).</subfield></datafield><datafield ind1=" " ind2="0" tag="651"><subfield code="a">Le Roy (N.Y.)</subfield><subfield code="v">Newspapers.</subfield></datafield><datafield ind1=" " ind2="0" tag="651"><subfield code="a">Genesee County (N.Y.)</subfield><subfield code="v">Newspapers.</subfield></datafield><datafield ind1=" " ind2="7" tag="655"><subfield code="a">Newspapers.</subfield><subfield code="2">fast</subfield><subfield code="0">(OCoLC)fst01423814</subfield></datafield><datafield ind1=" " ind2="7" tag="651"><subfield code="a">New York (State)</subfield><subfield code="z">Genesee County.</subfield><subfield code="2">fast</subfield><subfield code="0">(OCoLC)fst01222207</subfield></datafield><datafield ind1=" " ind2="7" tag="651"><subfield code="a">New York (State)</subfield><subfield code="z">Le Roy.</subfield><subfield code="2">fast</subfield><subfield code="0">(OCoLC)fst01218077</subfield></datafield><datafield ind1=" " ind2=" " tag="752"><subfield code="a">United States</subfield><subfield code="b">New York</subfield><subfield code="c">Genesee</subfield><subfield code="d">Le Roy.</subfield></datafield><datafield ind1="0" ind2="0" tag="785"><subfield code="t">Genesee Republican, and advocate for liberty</subfield><subfield code="w">(DLC)sn 85026752</subfield></datafield></record>